@inproceedings{mahalingam1988special,
  title={Special challenges of robotic gripping in space},
  author={Mahalingam, S and Sharifi, M and Dwivedi, SN and Vranish, JM},
  booktitle={System Theory, 1988., Proceedings of the Twentieth Southeastern Symposium on},
  pages={581--586},
  year={1988},
  organization={IEEE}
}

@article{brown2010universal,
  title={Universal robotic gripper based on the jamming of granular material},
  author={Brown, Eric and Rodenberg, Nicholas and Amend, John and Mozeika, Annan and Steltz, Erik and Zakin, Mitchell R and Lipson, Hod and Jaeger, Heinrich M},
  journal={Proceedings of the National Academy of Sciences},
  volume={107},
  number={44},
  pages={18809--18814},
  year={2010},
  publisher={National Acad Sciences}
}

@article{amend2012positive,
  title={A positive pressure universal gripper based on the jamming of granular material},
  author={Amend, John R and Brown, Eric and Rodenberg, Nicholas and Jaeger, Heinrich M and Lipson, Hod},
  journal={IEEE Transactions on Robotics},
  volume={28},
  number={2},
  pages={341--350},
  year={2012},
  publisher={IEEE}
}

@inproceedings{jiang2012learning,
  title={Learning hardware agnostic grasps for a universal jamming gripper},
  author={Jiang, Yun and Amend, John R and Lipson, Hod and Saxena, Ashutosh},
  booktitle={Robotics and Automation (ICRA), 2012 IEEE International Conference on},
  pages={2385--2391},
  year={2012},
  organization={IEEE}
}

@inproceedings{nishida2014development,
  title={Development of universal jamming gripper with a force feedback mechanism},
  author={Nishida, Takeshi and Shigehisa, Daichi and Kawashima, Naoaki and Tadakuma, Kenjiro},
  booktitle={Soft Computing and Intelligent Systems (SCIS), 2014 Joint 7th International Conference on and Advanced Intelligent Systems (ISIS), 15th International Symposium on},
  pages={242--246},
  year={2014},
  organization={IEEE}
}

@article{amend2016soft,
  title={Soft Robotics Commercialization: Jamming Grippers from Research to Product},
  author={Amend, John and Cheng, Nadia and Fakhouri, Sami and Culley, Bill},
  journal={Soft robotics},
  volume={3},
  number={4},
  pages={213--222},
  year={2016},
  publisher={Mary Ann Liebert, Inc. 140 Huguenot Street, 3rd Floor New Rochelle, NY 10801 USA}
}



@article{athanassiadis2014particle,
  title={Particle shape effects on the stress response of granular packings},
  author={Athanassiadis, Athanasios G and Miskin, Marc Z and Kaplan, Paul and Rodenberg, Nicholas and Lee, Seung Hwan and Merritt, Jason and Brown, Eric and Amend, John and Lipson, Hod and Jaeger, Heinrich M},
  journal={Soft Matter},
  volume={10},
  number={1},
  pages={48--59},
  year={2014},
  publisher={Royal Society of Chemistry}
}

@book{blackley2012polymer,
  title={Polymer Latices: Science and Technology Volume 3: Applications of Latices},
  author={Blackley, David Charles},
  year={2012},
  publisher={Springer Science \& Business Media}
}

